<?xml version="1.0" encoding="UTF-8"?><collection xmlns="http://www.loc.gov/MARC21/slim"><record><leader>00337nam--2200121-i-4500</leader><controlfield tag="001">000034365</controlfield><controlfield tag="002">20161230</controlfield><controlfield tag="005">20161230201040</controlfield><controlfield tag="008">060222s1000------------r-----000-0-eng-d</controlfield><datafield ind1=" " ind2=" " tag="100"><subfield code="a">Noller, Carl R</subfield></datafield><datafield ind1=" " ind2=" " tag="245"><subfield code="a">Structure and properties of organic compounds. a brief survey</subfield></datafield><datafield ind1=" " ind2=" " tag="260"><subfield code="a">London, W.B.Saunders Co., 1962, V + 255p</subfield></datafield><datafield ind1=" " ind2=" " tag="852"><subfield code="a">18570</subfield></datafield></record></collection>